% Encoding: UTF-8

@MISC{Globo:Misc,
  author = {Anon},
  title  = {Globo meteorol√≥gico},
  month  = Oct,
  year   = {2018},
  howpublished = {\url{https://es.wikipedia.org/wiki/Globo_meteorol%C3%B3gico}}
}

@MISC{Sondeo:Misc,
  author = {Anon},
  title  = {Atmospheric sounding},
  month  = March,
  year   = {2017},
  howpublished = {\url{https://en.wikipedia.org/wiki/Atmospheric_sounding}}
}

@MISC{University:2017:MISC,
author = {University of Wyoming},
title = {Sounding},
year = {2017},
howpublished = {\url{http://weather.uwyo.edu/upperair/sounding.html}}

}
