@MISC{Regresi칩n:Misc,
  author = {Michael Waskom},
  title  = {Linear regression with marginal distributions},
  year   = {2012},
  howpublished = {\url{https://seaborn.pydata.org/examples/regression_marginals.html}}
}

@MISC{Manglar:Misc,
  author = {Anon},
  title  = {Manglar},
  month  = {Noviembre},
  year   = {2017},
  howpublished = {\url{https://es.wikipedia.org/wiki/Manglar}}
}

@MISC{Isla:MISC,
author = {Anon},
title = {Isla Tibur칩n},
year = {2018},
howpublished = {\url{https://es.wikipedia.org/wiki/Isla_Tibur%C3%B3n}}

}
@MISC{Datos1:Misc,
author = {Carlos Liz치rraga and others},
title= {Datos sargento},
month = {Octubre-Noviembre},
year = {2017},
howpublished = {\url{http://fisicacomputacional.pbworks.com/w/file/124398099/sargento_201117.csv}}
}
@MISC{Datos2:Misc,
author = {Carlos Liz치rraga and others},
title= {Datos sargento-salinidad},
month = {Octubre-Noviembre},
year = {2017},
howpublished = {\url{http://fisicacomputacional.pbworks.com/w/file/124398095/sargento-salinidad-201117.csv}}
}
