% Encoding: UTF-8

@MISC{Tutorial2:Misc,
Author = {Ryan Chadwick},
Year = {2018} 
title = {Ryans Tutorial: Bash Scripting Tutorial},
howpublished = {\url{ryanstutorial.net}} 
 
}
@MISC{Tutorial:Misc,
  author = {Steve Parker},
  title  = {The Linux Shell Scripting Tutorial},
  year   = {2000-2018},
  howpublished = {\url{shellscript.sh}}
}

@MISC{University:2017:MISC,
author = {University of Wyoming, Department of Atmospheric Science},
title = {Weather Sounding},
year = {2017},
howpublished = {\url{http://weather.uwyo.edu/upperair/sounding.html}}

}
