% Bibliografía

@MISC{Convective:Misc,
author = ,
title = {Convective available potential energy},
year = ,
howpublisher = {\url{https://en.wikipedia.org/wiki/Convective_available_potential_energy}}
}
@MISC{Presipitable:Misc,
title = {Precipitable water},
howpublished = {\url{https://en.wikipedia.org/wiki/Precipitable_water}}
}

@MISC{Seaborn:Misc,
Author =  {Michael Waskom},
title = {Seaborn: statistical data visualization},
year = {2012-2017},
howpublisher = {\url{https://seaborn.pydata.org/index.html}}
}

@MISC{Map:Misc,
Author = {Cameron Beccario},
title = {Earth Wind Map},
year = 2018
howpublisher = {\url{https://earth.nullschool.net/#current/wind/surface/level/orthographic=-113.01,13.23,272}}
}

@MISC{University:2017:MISC,
author = {University of Wyoming, Department of Atmospheric Science},
title = {Weather Sounding},
year = {2017},
howpublished = {\url{http://weather.uwyo.edu/upperair/sounding.html}}
}

@MISC{Cape:concepts:Misc,
author = {admin/anon},
title = {CAPE y algunas nociones básicas sobre convención atmosférica},
Month = {Mayo},
year = {2016},
howpublished = {\url{http://www.meteoillesbalears.com/?p=623}}
}